
@misc{muslim_pork_avoid,
  author = {Mufti Qamruzzaman},
  title = {Why is pig meat haram?},
  year = {2006},
  note = {\url{https://qa.muftisays.com/?2005}},
  url = {https://qa.muftisays.com/?2005}
}
@misc{dermnet_nz,
  author = {DermNet},
  title = {Food additives and E numbers},
  year = {2023},
  note = {\url{https://dermnetnz.org/topics/food-additives-and-e-numbers}},
  url = {https://dermnetnz.org/topics/food-additives-and-e-numbers}
}
@misc{eu_perlament,
  author = {},
  title = {Regulation (EC) No 1333/2008 of the European Parliament and of the Council of 16 December 2008 on food additives},
  year = {2008},
  note = {\url{https://eur-lex.europa.eu/legal-content/EN/TXT/PDF/?uri=CELEX:02008R1333-20201223&from=EN}},
  url = {https://eur-lex.europa.eu/legal-content/EN/TXT/PDF/?uri=CELEX:02008R1333-20201223&from=EN}
}
@misc{wiki_enumber,
  author = {Wikipedia},
  title = {E number},
  year = {5 September 2023},
  note = {\url{https://en.wikipedia.org/wiki/E_number#References}},
  url = {https://en.wikipedia.org/wiki/E_number#References}
}

@misc{pak,
  author = {International Halal Certification},
  title = {E-Codes - Halal \& Haraam E - Numbers},
  year = {},
  note = {\url{https://international-halal.com/ecodes/}},
  url = {https://international-halal.com/ecodes/}
}

@misc{halal_singapore,
	author={Islamic Religious Council of Singapore},
	title = {Additive Halal Check},
	note = {\url{https://ecodehalalcheck.com/} based on data from MUIS: Majlis Ugama Islam Singapura},
}

@misc{veggie,
	author       = {The Vegetarian Society},
	title        = {E numbers. What you need to knowâ€¦},
	note         = {\url{https://vegsoc.org/info-hub/veggie-need-to-know/e-numbers/}},
}

@misc{ecodeverifier,
	author = {E-Code Verifier},
	note={\url{https://ecode.figlab.io/} based on Halal Committee, Jamiat Ulama-E-Maharashtra, a state unit of Jamiat Ulama-E-Hind.}
}
@misc{halal_app,
	author       = {Ali Reza Farahnak},
	howpublished = {Android app},
	title        = {Halal Check E-number \& E-codes},
	year         = {2013},
	note={\url{https://play.google.com/store/apps/details?id=com.islam.halalcheck}}

}

@misc{palestine,
	author       = {An-Najah National University},
	howpublished = {WEB},
	title        = {Food Additives, E-NUMBERS: Guide to food additives - E-Numbers-- What they are and what they do},
	note={\url{https://agri.najah.edu/media/filer_public/6e/ea/6eea1877-67b8-4687-870e-5545ea6da141/guide_to_food_additives_-_e-numbers.pdf}}
}
